<?xml version="1.0" encoding="UTF-8"?><collection xmlns="http://www.loc.gov/MARC21/slim"><record><leader>00578nam--2200145-i-4500</leader><controlfield tag="001">000011041</controlfield><controlfield tag="002">20161230</controlfield><controlfield tag="005">20170304140118</controlfield><controlfield tag="008">060222s1000------------r-----000-0-eng-d</controlfield><datafield ind1=" " ind2=" " tag="245"><subfield code="a">Classificazione decimale universale. Edizione completa Italiana pubbl. fid.no.479 Classi: 50: Opere di carattere generale riguardanti la scienza pura 51: Matematica 52: Astronomia, geodesia 53: Fisica</subfield></datafield><datafield ind1=" " ind2=" " tag="260"><subfield code="a">Roma</subfield><subfield code="b">Consilio Nazionale Delle Ricerche</subfield><subfield code="c">1972</subfield></datafield><datafield ind1=" " ind2=" " tag="300"><subfield code="a">252 p</subfield></datafield><datafield ind1=" " ind2=" " tag="490"><subfield code="a">Note Di Bibliografia E Di Documentazione Scien Tica</subfield></datafield><datafield ind1=" " ind2=" " tag="852"><subfield code="a">025.4</subfield></datafield><datafield ind1=" " ind2=" " tag="CAT"><subfield code="a">SYS</subfield><subfield code="c">20170304</subfield><subfield code="h">140118</subfield></datafield></record></collection>